@incollection{efficient-backprop,
    title={Efficient backprop},
    author={LeCun, Yann A and Bottou, L{\'e}on and Orr, Genevieve B and M{\"u}ller, Klaus-Robert},
    booktitle={Neural networks: Tricks of the trade},
    pages={9--48},
    year={2012},
    publisher={Springer}
}

@inproceedings{glorot10,
    title={Understanding the difficulty of training deep feedforward neural networks},
    author={Glorot, Xavier and Bengio, Yoshua},
    booktitle={International conference on artificial intelligence and statistics},
    pages={249--256},
    year={2010}
}

@article{he15,
  author    = {Kaiming He and
               Xiangyu Zhang and
               Shaoqing Ren and
               Jian Sun},
  title     = {Delving Deep into Rectifiers: Surpassing Human-Level Performance on
               ImageNet Classification},
  journal   = {CoRR},
  volume    = {abs/1502.01852},
  year      = {2015},
  url       = {http://arxiv.org/abs/1502.01852},
  timestamp = {Mon, 02 Mar 2015 14:17:34 +0100},
  biburl    = {http://dblp.uni-trier.de/rec/bib/journals/corr/HeZR015},
  bibsource = {dblp computer science bibliography, http://dblp.org}
}
